
@phdthesis{duanJiYuLiZiQunYouHuaSuanFaDeFASTZhengWangKongZhiCeLueYanJiu2015,
  type = {{硕士}},
  title = {{基于粒子群优化算法的FAST整网控制策略研究}},
  author = {端, 素红},
  year = {2015},
  collaborator = {沙, 毅},
  language = {中文;},
  school = {东北大学},
  keywords = {FAST node,FAST节点,network control,PSO,sdPSO,sub dimension evolution,子维进化,整网控制},
  annotation = {1 citations(CNKI)[2021-9-9]},
  file = {files/1905/端 - 2015 - 基于粒子群优化算法的FAST整网控制策略研究.pdf}
}

@article{jiangJuXingSheDianWangYuanJingSuoWangJieGouDeYouHuaFenXiYuSheJi2013,
  title = {{巨型射电望远镜索网结构的优化分析与设计}},
  author = {姜, 鹏 and 王, 启明 and 赵, 清},
  year = {2013},
  journal = {工程力学},
  volume = {30},
  number = {02},
  pages = {400--405},
  issn = {1000-4750},
  language = {中文;},
  keywords = {⛔ No DOI found,active relector,cable net structrue,FAST engineering,FAST工程,finite element,mechanical analysis,主动反射面,力学分析,有限元,索网结构},
  annotation = {21 citations(CNKI)[2021-9-9]{$<$}北大核心, EI, CSCD{$>$}},
  file = {files/1913/姜 等。 - 2013 - 巨型射电望远镜索网结构的优化分析与设计.pdf}
}

@article{luo500mKouJingZhuDongQiuMianWangYuanJingFanSheMianZhiChengJieGouFenXi2000,
  title = {{500m口径主动球面望远镜反射面支撑结构分析}},
  author = {罗, 永峰 and 邓, 长根 and 李, 国强 and 邱, 育海},
  year = {2000},
  journal = {同济大学学报(自然科学版)},
  number = {04},
  pages = {497--500},
  issn = {0253-374X},
  language = {中文;},
  keywords = {⛔ No DOI found,aluminum alloy structure,cos,deformation  characteristic,steel structure,supporting structure of the reflector,反射面支撑结构,变形特点,造价,钢结构,铝合金结构},
  annotation = {39 citations(CNKI)[2021-9-9]{$<$}北大核心, EI{$>$}},
  file = {files/1919/罗 等。 - 2000 - 500m口径主动球面望远镜反射面支撑结构分析.pdf}
}

@article{luoDaSheDianWangYuanJingFanSheMianZhiChengZhangLaJieGouFeiXianXingFenXi2003,
  title = {{大射电望远镜反射面支承张拉结构非线性分析}},
  author = {罗, 永峰 and 于, 庆祥 and 陆, 燕 and 李, 国强},
  year = {2003},
  journal = {同济大学学报(自然科学版)},
  number = {01},
  pages = {1--5},
  issn = {0253-374X},
  language = {中文;},
  keywords = {⛔ No DOI found,500m口径主动球面射电望远镜,five hundred meter aperture spherical telescope,nonlinear analysis,tensegrity structure,张拉结构,非线性分析},
  annotation = {29 citations(CNKI)[2021-9-9]{$<$}北大核心, EI{$>$}},
  file = {files/1917/罗 等。 - 2003 - 大射电望远镜反射面支承张拉结构非线性分析.pdf}
}

@phdthesis{qianFASTZhuDongFanSheMianZhiChengJieGouLiLunYuShiYanYanJiu2007,
  type = {{博士}},
  title = {{FAST主动反射面支承结构理论与试验研究}},
  author = {钱, 宏亮},
  year = {2007},
  collaborator = {沈, 世钊},
  language = {中文;},
  school = {哈尔滨工业大学},
  keywords = {Active reflectors,Cable-net,FAST,Initial stress state,主动反射面,初始预应力态,索网结构},
  annotation = {38 citations(CNKI)[2021-9-9]}
}

@phdthesis{shangFASTFanSheMianZhiChengJieGouYouHuaYanJiu2007,
  type = {{硕士}},
  title = {{FAST反射面支承结构优化研究}},
  author = {商, 文念},
  year = {2007},
  collaborator = {范, 峰},
  language = {中文;},
  school = {哈尔滨工业大学},
  keywords = {cable-net structure,FAST,initial stress state,working state,初始预应力态,工作态,索网结构},
  annotation = {9 citations(CNKI)[2021-9-9]},
  file = {files/1921/商 - 2007 - FAST反射面支承结构优化研究.pdf}
}

@phdthesis{shangFASTFanSheMianZhiChengJieGouYouHuaYanJiu2007a,
  type = {{硕士}},
  title = {{FAST反射面支承结构优化研究}},
  author = {商, 文念},
  year = {2007},
  collaborator = {范, 峰},
  language = {中文;},
  school = {哈尔滨工业大学},
  keywords = {cable-net structure,FAST,initial stress state,working state,初始预应力态,工作态,索网结构},
  annotation = {9 citations(CNKI)[2021-9-9]},
  file = {files/1922/商 - 2007 - FAST反射面支承结构优化研究.pdf}
}

@article{shenFASTZhuDongFanSheMianZhiChengJieGouZongTiFangAnYanJiu2010b,
  title = {{FAST主动反射面支承结构总体方案研究}},
  author = {沈, 世钊 and 范, 峰 and 钱, 宏亮},
  year = {2010},
  journal = {建筑结构学报},
  volume = {31},
  number = {12},
  pages = {1--8},
  issn = {1000-6869},
  language = {中文;},
  keywords = {⛔ No DOI found,active reflector,cable-net structure,FAST,structural scheme,主动反射面,索网结构,结构方案},
  file = {files/1892/沈 等。 - 2010 - FAST主动反射面支承结构总体方案研究.pdf}
}

@phdthesis{sunJiYuMRACLiLunDeFASTJieDianKongZhiXiTongDeJianMoYuFangZhenYanJiu2015,
  type = {{硕士}},
  title = {{基于MRAC理论的FAST节点控制系统的建模与仿真研究}},
  author = {孙, 尚超},
  year = {2015},
  collaborator = {沙, 毅},
  language = {中文;},
  school = {东北大学},
  keywords = {adaptive control,FAST node,FAST节点,Lyapunov,MRAC,自适应控制},
  file = {files/1909/孙 - 2015 - 基于MRAC理论的FAST节点控制系统的建模与仿真研究.pdf}
}

@phdthesis{wangJiYuDieDaiXueXiLiLunDeFASTZhengWangKongZhiCeLueDeYanJiu2015,
  type = {{硕士}},
  title = {{基于迭代学习理论的FAST整网控制策略的研究}},
  author = {王, 志远},
  year = {2015},
  collaborator = {沙, 毅},
  language = {中文;},
  school = {东北大学},
  keywords = {control model,FAST,iterative learning,the control mechanism,the whole network control,控制机理,控制模型,整网控制,迭代学习},
  file = {files/1910/王 - 2015 - 基于迭代学习理论的FAST整网控制策略的研究.pdf}
}

@phdthesis{xuJiYuGaiJinPSOBPDeFASTJieDianWeiYiKongZhiYanJiu2014a,
  type = {{硕士}},
  title = {{基于改进PSO\_BP的FAST节点位移控制研究}},
  author = {徐, 双},
  year = {2014},
  collaborator = {沙, 毅},
  language = {中文;},
  school = {东北大学},
  keywords = {BP neural network algorithm,BP神经网络算法,displacement control,FAST node,FAST节点,Particle Swarm Algorithm,位移控制,粒子群算法},
  file = {files/1911/徐 - 2014 - 基于改进PSO_BP的FAST节点位移控制研究.pdf}
}


