
@phdthesis{diSuoWangShiKeZhanKaiTianXianJieGouDeFanSheMianJingDuYouHuaDiaoZhengJiShuYanJiu2005b,
  type = {{博士}},
  title = {{索网式可展开天线结构的反射面精度优化调整技术研究}},
  author = {狄, 杰建},
  year = {2005},
  collaborator = {段, 宝岩},
  language = {中文;},
  school = {西安电子科技大学},
  keywords = {Cable-net Antenna Structures,Dynamic Analysis Genetic Algorithm,Mixed Variables,Multi-objective Optimization,Pretensions,Shape Adjustment,Shape Finding/Form Finding,Spaceborne Antenna,Surface Accuracy,动力分析,多目标优化混合变量,找形分析,星载天线,索网式天线结构,网面调整,表面精度,遗传算法,预张力},
  file = {E\:\\prog\\Zotero\\Zotero\\storage\\L5FANIDL\\狄 - 2005 - 索网式可展开天线结构的反射面精度优化调整技术研究.pdf}
}

@article{jiangJuXingSheDianWangYuanJingSuoWangJieGouDeYouHuaFenXiYuSheJi2013,
  title = {{巨型射电望远镜索网结构的优化分析与设计}},
  author = {姜, 鹏 and 王, 启明 and 赵, 清},
  year = {2013},
  journal = {工程力学},
  volume = {30},
  number = {02},
  pages = {400--405},
  issn = {1000-4750},
  language = {中文;},
  keywords = {⛔ No DOI found,active relector,cable net structrue,FAST engineering,FAST工程,finite element,mechanical analysis,主动反射面,力学分析,有限元,索网结构},
  annotation = {21 citations(CNKI)[2021-9-9]{$<$}北大核心, EI, CSCD{$>$}},
  file = {E\:\\prog\\Zotero\\Zotero\\storage\\W6SBKXGG\\姜 等。 - 2013 - 巨型射电望远镜索网结构的优化分析与设计.pdf}
}

@phdthesis{shangFASTFanSheMianZhiChengJieGouYouHuaYanJiu2007b,
  type = {{硕士}},
  title = {{FAST反射面支承结构优化研究}},
  author = {商, 文念},
  year = {2007},
  collaborator = {范, 峰},
  language = {中文;},
  school = {哈尔滨工业大学},
  keywords = {cable-net structure,FAST,initial stress state,working state,初始预应力态,工作态,索网结构},
  annotation = {9 citations(CNKI)[2021-9-9]},
  file = {E\:\\prog\\Zotero\\Zotero\\storage\\M222VFBY\\商 - 2007 - FAST反射面支承结构优化研究.pdf}
}

@article{shenFASTZhuDongFanSheMianZhiChengJieGouZongTiFangAnYanJiu2010b,
  title = {{FAST主动反射面支承结构总体方案研究}},
  author = {沈, 世钊 and 范, 峰 and 钱, 宏亮},
  year = {2010},
  journal = {建筑结构学报},
  volume = {31},
  number = {12},
  pages = {1--8},
  issn = {1000-6869},
  language = {中文;},
  keywords = {⛔ No DOI found,active reflector,cable-net structure,FAST,structural scheme,主动反射面,索网结构,结构方案},
  file = {E\:\\prog\\Zotero\\Zotero\\storage\\6H59NVR4\\沈 等。 - 2010 - FAST主动反射面支承结构总体方案研究.pdf}
}

@phdthesis{wangJiYuDieDaiXueXiLiLunDeFASTZhengWangKongZhiCeLueDeYanJiu2015,
  type = {{硕士}},
  title = {{基于迭代学习理论的FAST整网控制策略的研究}},
  author = {王, 志远},
  year = {2015},
  collaborator = {沙, 毅},
  language = {中文;},
  school = {东北大学},
  keywords = {control model,FAST,iterative learning,the control mechanism,the whole network control,控制机理,控制模型,整网控制,迭代学习},
  file = {E\:\\prog\\Zotero\\Zotero\\storage\\I6BJDD3N\\王 - 2015 - 基于迭代学习理论的FAST整网控制策略的研究.pdf}
}

@phdthesis{xuJiYuGaiJinPSOBPDeFASTJieDianWeiYiKongZhiYanJiu2014a,
  type = {{硕士}},
  title = {{基于改进PSO\_BP的FAST节点位移控制研究}},
  author = {徐, 双},
  year = {2014},
  collaborator = {沙, 毅},
  language = {中文;},
  school = {东北大学},
  keywords = {BP neural network algorithm,BP神经网络算法,displacement control,FAST node,FAST节点,Particle Swarm Algorithm,位移控制,粒子群算法},
  file = {E\:\\prog\\Zotero\\Zotero\\storage\\W4EP8CCH\\徐 - 2014 - 基于改进PSO_BP的FAST节点位移控制研究.pdf}
}


